@inproceedings{ma2011recommender,
  title={Recommender systems with social regularization},
  author={Ma, Hao and Zhou, Dengyong and Liu, Chao and Lyu, Michael R and King, Irwin},
  booktitle={Proceedings of the fourth ACM international conference on Web search and data mining},
  pages={287--296},
  year={2011},
  organization={ACM}
}

@inproceedings{musto1441word,
  title={Word Embedding techniques for Content-based Recommender Systems: an empirical evaluation},
  author={Musto, Cataldo and Semeraro, Giovanni and De Gemmis, Marco and Lops, Pasquale},
  booktitle={RecSys Posters, ser. CEUR Workshop Proceedings, P. Castells, Ed},
  volume={1441},
  year={2015}
}

@inproceedings{mikolov2013distributed,
  title={Distributed representations of words and phrases and their compositionality},
  author={Mikolov, Tomas and Sutskever, Ilya and Chen, Kai and Corrado, Greg S and Dean, Jeff},
  booktitle={Advances in neural information processing systems},
  pages={3111--3119},
  year={2013}
}

@inproceedings{gao2012exploring,
  title={Exploring Social-Historical Ties on Location-Based Social Networks.},
  author={Gao, Huiji and Tang, Jiliang and Liu, Huan},
  booktitle={ICWSM},
  year={2012}
}

@inproceedings{shin2014recommending,
  title={Recommending Tumblr Blogs to Follow with Inductive Matrix Completion.},
  author={Shin, Donghyuk and Cetintas, Suleyman and Lee, Kuang-Chih},
  booktitle={RecSys Posters},
  year={2014}
}

@inproceedings{ozsoy2014multi,
  title={Multi-objective optimization based location and social network aware recommendation},
  author={Ozsoy, Makbule Gulcin and Polat, Faruk and Alhajj, Reda},
  booktitle={Collaborative Computing: Networking, Applications and Worksharing (CollaborateCom), 2014 International Conference on},
  pages={233--242},
  year={2014},
  organization={IEEE}
}

@inproceedings{massa2007trust,
  title={Trust-aware recommender systems},
  author={Massa, Paolo and Avesani, Paolo},
  booktitle={Proceedings of the 2007 ACM conference on Recommender systems},
  pages={17--24},
  year={2007},
  organization={ACM}
}

@article{tavakolifard2012social,
  title={Social computing: an intersection of recommender systems, trust/reputation systems, and social networks},
  author={Tavakolifard, Mozhgan and Almeroth, Kevin C},
  journal={Network, IEEE},
  volume={26},
  number={4},
  pages={53--58},
  year={2012},
  publisher={IEEE}
}

@article{koren2009matrix,
  title={Matrix factorization techniques for recommender systems},
  author={Koren, Yehuda and Bell, Robert and Volinsky, Chris},
  journal={Computer},
  number={8},
  pages={30--37},
  year={2009},
  publisher={IEEE}
}

@inproceedings{ma2008sorec,
  title={Sorec: social recommendation using probabilistic matrix factorization},
  author={Ma, Hao and Yang, Haixuan and Lyu, Michael R and King, Irwin},
  booktitle={Proceedings of the 17th ACM conference on Information and knowledge management},
  pages={931--940},
  year={2008},
  organization={ACM}
}

@inproceedings{zheng2010collaborative,
  title={Collaborative location and activity recommendations with gps history data},
  author={Zheng, Vincent W and Zheng, Yu and Xie, Xing and Yang, Qiang},
  booktitle={Proceedings of the 19th international conference on World wide web},
  pages={1029--1038},
  year={2010},
  organization={ACM}
}

@inproceedings{liu2013soco,
  title={SoCo: a social network aided context-aware recommender system},
  author={Liu, Xin and Aberer, Karl},
  booktitle={Proceedings of the 22nd international conference on World Wide Web},
  pages={781--802},
  year={2013},
  organization={International World Wide Web Conferences Steering Committee}
}

@inproceedings{cheng2013you,
  title={Where You Like to Go Next: Successive Point-of-Interest Recommendation.},
  author={Cheng, Chen and Yang, Haiqin and Lyu, Michael R and King, Irwin},
  booktitle={IJCAI},
  year={2013}
}

@inproceedings{lian2014geomf,
  title={Geomf: Joint geographical modeling and matrix factorization for point-of-interest recommendation},
  author={Lian, Defu and Zhao, Cong and Xie, Xing and Sun, Guangzhong and Chen, Enhong and Rui, Yong},
  booktitle={Proceedings of the 20th ACM SIGKDD international conference on Knowledge discovery and data mining},
  pages={831--840},
  year={2014},
  organization={ACM}
}

@article{arora2015random,
  title={Random walks on context spaces: Towards an explanation of the mysteries of semantic word embeddings},
  author={Arora, Sanjeev and Li, Yuanzhi and Liang, Yingyu and Ma, Tengyu and Risteski, Andrej},
  journal={arXiv preprint arXiv:1502.03520},
  year={2015}
}

@inproceedings{salakhutdinov2007restricted,
  title={Restricted Boltzmann machines for collaborative filtering},
  author={Salakhutdinov, Ruslan and Mnih, Andriy and Hinton, Geoffrey},
  booktitle={Proceedings of the 24th international conference on Machine learning},
  pages={791--798},
  year={2007},
  organization={ACM}
}

@inproceedings{georgiev2013non,
  title={A non-iid framework for collaborative filtering with restricted boltzmann machines},
  author={Georgiev, Kostadin and Nakov, Preslav},
  booktitle={Proceedings of the 30th International Conference on Machine Learning (ICML-13)},
  pages={1148--1156},
  year={2013}
}

@inproceedings{wang2015collaborative,
  title={Collaborative deep learning for recommender systems},
  author={Wang, Hao and Wang, Naiyan and Yeung, Dit-Yan},
  booktitle={Proceedings of the 21th ACM SIGKDD International Conference on Knowledge Discovery and Data Mining},
  pages={1235--1244},
  year={2015},
  organization={ACM}
}

@article{mikolov2013efficient,
  title={Efficient estimation of word representations in vector space},
  author={Mikolov, Tomas and Chen, Kai and Corrado, Greg and Dean, Jeffrey},
  journal={arXiv preprint arXiv:1301.3781},
  year={2013}
}

@inproceedings{li2015word,
  title={Word embedding revisited: A new representation learning and explicit matrix factorization perspective},
  author={Li, Yitan and Xu, Linli and Tian, Fei and Jiang, Liang and Zhong, Xiaowei and Chen, Enhong},
  booktitle={Proceedings of the 24th International Joint Conference on Artificial Intelligence, Buenos Aires, Argentina},
  pages={3650--3656},
  year={2015}
}

@article{levy2015improving,
  title={Improving distributional similarity with lessons learned from word embeddings},
  author={Levy, Omer and Goldberg, Yoav and Dagan, Ido},
  journal={Transactions of the Association for Computational Linguistics},
  volume={3},
  pages={211--225},
  year={2015}
}

@inproceedings{levy2014neural,
  title={Neural word embedding as implicit matrix factorization},
  author={Levy, Omer and Goldberg, Yoav},
  booktitle={Advances in Neural Information Processing Systems},
  pages={2177--2185},
  year={2014}
}

@article{bellogin2013empirical,
  title={An empirical comparison of social, collaborative filtering, and hybrid recommenders},
  author={Bellog{\'\i}n, Alejandro and Cantador, Iv{\'a}n and D{\'\i}ez, Fernando and Castells, Pablo and Chavarriaga, Enrique},
  journal={ACM Transactions on Intelligent Systems and Technology (TIST)},
  volume={4},
  number={1},
  pages={14},
  year={2013},
  publisher={ACM}
}

@article{herlocker2004evaluating,
  title={Evaluating collaborative filtering recommender systems},
  author={Herlocker, Jonathan L and Konstan, Joseph A and Terveen, Loren G and Riedl, John T},
  journal={ACM Transactions on Information Systems (TOIS)},
  volume={22},
  number={1},
  pages={5--53},
  year={2004},
  publisher={ACM}
}